<?xml version="1.0" encoding="UTF-8"?><collection xmlns="http://www.loc.gov/MARC21/slim"><record><leader>00461nam--2200169-i-4500</leader><controlfield tag="001">000046240</controlfield><controlfield tag="002">20161230</controlfield><controlfield tag="005">20161230201045</controlfield><controlfield tag="008">060222s1000------------r-----000-0-eng-d</controlfield><datafield ind1=" " ind2=" " tag="040"><subfield code="a">IFIN-HH</subfield></datafield><datafield ind1=" " ind2=" " tag="080"><subfield code="a">53:92</subfield></datafield><datafield ind1="1" ind2=" " tag="100"><subfield code="a">Unsold, Albrecht</subfield></datafield><datafield ind1="1" ind2="0" tag="245"><subfield code="a">Sterne und menschen. aufsatze undvortrage. mit 16 abbildungen</subfield><subfield code="c">Albrecht undold</subfield></datafield><datafield ind1=" " ind2=" " tag="260"><subfield code="a">Berlin</subfield><subfield code="b">Springer-verlag</subfield><subfield code="c">1972</subfield></datafield><datafield ind1=" " ind2=" " tag="300"><subfield code="a">VIII + 170P</subfield></datafield><datafield ind1=" " ind2=" " tag="852"><subfield code="a">37035</subfield><subfield code="c">53</subfield></datafield><datafield ind1=" " ind2=" " tag="CAT"><subfield code="a">Sys</subfield><subfield code="c">20150316</subfield><subfield code="h">092159</subfield></datafield></record></collection>